%YAML 1.1
%TAG !u! tag:unity3d.com,2011:
--- !u!1 &788640834417112472
GameObject:
  m_ObjectHideFlags: 0
  m_CorrespondingSourceObject: {fileID: 0}
  m_PrefabInstance: {fileID: 0}
  m_PrefabAsset: {fileID: 0}
  serializedVersion: 6
  m_Component:
  - component: {fileID: 206995119818952867}
  - component: {fileID: 9186397606357477873}
  m_Layer: 0
  m_Name: image sprite
  m_TagString: Untagged
  m_Icon: {fileID: 0}
  m_NavMeshLayer: 0
  m_StaticEditorFlags: 0
  m_IsActive: 0
--- !u!4 &206995119818952867
Transform:
  m_ObjectHideFlags: 0
  m_CorrespondingSourceObject: {fileID: 0}
  m_PrefabInstance: {fileID: 0}
  m_PrefabAsset: {fileID: 0}
  m_GameObject: {fileID: 788640834417112472}
  m_LocalRotation: {x: -0, y: -1, z: 0, w: 0}
  m_LocalPosition: {x: -567.80896, y: -985.18, z: 276.07}
  m_LocalScale: {x: 1, y: 1, z: 1}
  m_Children: []
  m_Father: {fileID: 119142630952060440}
  m_RootOrder: 6
  m_LocalEulerAnglesHint: {x: -180, y: 0, z: -180}
--- !u!212 &9186397606357477873
SpriteRenderer:
  m_ObjectHideFlags: 0
  m_CorrespondingSourceObject: {fileID: 0}
  m_PrefabInstance: {fileID: 0}
  m_PrefabAsset: {fileID: 0}
  m_GameObject: {fileID: 788640834417112472}
  m_Enabled: 1
  m_CastShadows: 0
  m_ReceiveShadows: 0
  m_DynamicOccludee: 1
  m_StaticShadowCaster: 0
  m_MotionVectors: 1
  m_LightProbeUsage: 1
  m_ReflectionProbeUsage: 1
  m_RayTracingMode: 0
  m_RayTraceProcedural: 0
  m_RenderingLayerMask: 1
  m_RendererPriority: 0
  m_Materials:
  - {fileID: 10754, guid: 0000000000000000f000000000000000, type: 0}
  m_StaticBatchInfo:
    firstSubMesh: 0
    subMeshCount: 0
  m_StaticBatchRoot: {fileID: 0}
  m_ProbeAnchor: {fileID: 0}
  m_LightProbeVolumeOverride: {fileID: 0}
  m_ScaleInLightmap: 1
  m_ReceiveGI: 1
  m_PreserveUVs: 0
  m_IgnoreNormalsForChartDetection: 0
  m_ImportantGI: 0
  m_StitchLightmapSeams: 1
  m_SelectedEditorRenderState: 0
  m_MinimumChartSize: 4
  m_AutoUVMaxDistance: 0.5
  m_AutoUVMaxAngle: 89
  m_LightmapParameters: {fileID: 0}
  m_SortingLayerID: 0
  m_SortingLayer: 0
  m_SortingOrder: 0
  m_Sprite: {fileID: 21300000, guid: 1ddc556e33e254eccbc6daef19818897, type: 3}
  m_Color: {r: 1, g: 1, b: 1, a: 1}
  m_FlipX: 0
  m_FlipY: 0
  m_DrawMode: 0
  m_Size: {x: 1, y: 1}
  m_AdaptiveModeThreshold: 0.5
  m_SpriteTileMode: 0
  m_WasSpriteAssigned: 1
  m_MaskInteraction: 0
  m_SpriteSortPoint: 0
--- !u!1 &5326539781142639078
GameObject:
  m_ObjectHideFlags: 0
  m_CorrespondingSourceObject: {fileID: 0}
  m_PrefabInstance: {fileID: 0}
  m_PrefabAsset: {fileID: 0}
  serializedVersion: 6
  m_Component:
  - component: {fileID: 119142630952060440}
  m_Layer: 0
  m_Name: Environment
  m_TagString: Untagged
  m_Icon: {fileID: 0}
  m_NavMeshLayer: 0
  m_StaticEditorFlags: 0
  m_IsActive: 1
--- !u!4 &119142630952060440
Transform:
  m_ObjectHideFlags: 0
  m_CorrespondingSourceObject: {fileID: 0}
  m_PrefabInstance: {fileID: 0}
  m_PrefabAsset: {fileID: 0}
  m_GameObject: {fileID: 5326539781142639078}
  m_LocalRotation: {x: 0, y: 0, z: 0, w: 1}
  m_LocalPosition: {x: 567.80896, y: 995.0405, z: -285.02634}
  m_LocalScale: {x: 1, y: 1, z: 1}
  m_Children:
  - {fileID: 8543796843398638887}
  - {fileID: 8150126141143238354}
  - {fileID: 8150126141064345434}
  - {fileID: 8543796843926590272}
  - {fileID: 8543796844256050556}
  - {fileID: 8543796843136866713}
  - {fileID: 206995119818952867}
  m_Father: {fileID: 0}
  m_RootOrder: 0
  m_LocalEulerAnglesHint: {x: 0, y: 0, z: 0}
--- !u!1 &8543796842600957521
GameObject:
  m_ObjectHideFlags: 0
  m_CorrespondingSourceObject: {fileID: 0}
  m_PrefabInstance: {fileID: 0}
  m_PrefabAsset: {fileID: 0}
  serializedVersion: 6
  m_Component:
  - component: {fileID: 8543796842600957522}
  - component: {fileID: 8543796842600957524}
  - component: {fileID: 8543796842600957523}
  m_Layer: 0
  m_Name: flower_plant3 (1)
  m_TagString: Untagged
  m_Icon: {fileID: 0}
  m_NavMeshLayer: 0
  m_StaticEditorFlags: 0
  m_IsActive: 1
--- !u!4 &8543796842600957522
Transform:
  m_ObjectHideFlags: 0
  m_CorrespondingSourceObject: {fileID: 0}
  m_PrefabInstance: {fileID: 0}
  m_PrefabAsset: {fileID: 0}
  m_GameObject: {fileID: 8543796842600957521}
  m_LocalRotation: {x: -0.06401189, y: 0.6488276, z: -0.07444469, w: 0.7545749}
  m_LocalPosition: {x: -0.18, y: 2.19, z: -4.36}
  m_LocalScale: {x: 0.90801066, y: 0.90801066, z: 0.90801066}
  m_Children: []
  m_Father: {fileID: 8150126141064345434}
  m_RootOrder: 18
  m_LocalEulerAnglesHint: {x: 0, y: 81.382, z: -11.269}
--- !u!33 &8543796842600957524
MeshFilter:
  m_ObjectHideFlags: 0
  m_CorrespondingSourceObject: {fileID: 0}
  m_PrefabInstance: {fileID: 0}
  m_PrefabAsset: {fileID: 0}
  m_GameObject: {fileID: 8543796842600957521}
  m_Mesh: {fileID: 6510932620921306731, guid: 349ef9b0166853b4880f9899f510d078, type: 3}
--- !u!23 &8543796842600957523
MeshRenderer:
  m_ObjectHideFlags: 0
  m_CorrespondingSourceObject: {fileID: 0}
  m_PrefabInstance: {fileID: 0}
  m_PrefabAsset: {fileID: 0}
  m_GameObject: {fileID: 8543796842600957521}
  m_Enabled: 1
  m_CastShadows: 1
  m_ReceiveShadows: 1
  m_DynamicOccludee: 1
  m_StaticShadowCaster: 0
  m_MotionVectors: 1
  m_LightProbeUsage: 1
  m_ReflectionProbeUsage: 1
  m_RayTracingMode: 2
  m_RayTraceProcedural: 0
  m_RenderingLayerMask: 1
  m_RendererPriority: 0
  m_Materials:
  - {fileID: 2100000, guid: 41546598cedee664ba765868b4198d5c, type: 2}
  m_StaticBatchInfo:
    firstSubMesh: 0
    subMeshCount: 0
  m_StaticBatchRoot: {fileID: 0}
  m_ProbeAnchor: {fileID: 0}
  m_LightProbeVolumeOverride: {fileID: 0}
  m_ScaleInLightmap: 1
  m_ReceiveGI: 1
  m_PreserveUVs: 0
  m_IgnoreNormalsForChartDetection: 0
  m_ImportantGI: 0
  m_StitchLightmapSeams: 1
  m_SelectedEditorRenderState: 3
  m_MinimumChartSize: 4
  m_AutoUVMaxDistance: 0.5
  m_AutoUVMaxAngle: 89
  m_LightmapParameters: {fileID: 0}
  m_SortingLayerID: 0
  m_SortingLayer: 0
  m_SortingOrder: 0
  m_AdditionalVertexStreams: {fileID: 0}
--- !u!1 &8543796842756651524
GameObject:
  m_ObjectHideFlags: 0
  m_CorrespondingSourceObject: {fileID: 0}
  m_PrefabInstance: {fileID: 0}
  m_PrefabAsset: {fileID: 0}
  serializedVersion: 6
  m_Component:
  - component: {fileID: 8543796842756651525}
  - component: {fileID: 8543796842756651527}
  - component: {fileID: 8543796842756651526}
  m_Layer: 0
  m_Name: Grass2 (1)
  m_TagString: Untagged
  m_Icon: {fileID: 0}
  m_NavMeshLayer: 0
  m_StaticEditorFlags: 0
  m_IsActive: 1
--- !u!4 &8543796842756651525
Transform:
  m_ObjectHideFlags: 0
  m_CorrespondingSourceObject: {fileID: 0}
  m_PrefabInstance: {fileID: 0}
  m_PrefabAsset: {fileID: 0}
  m_GameObject: {fileID: 8543796842756651524}
  m_LocalRotation: {x: -0, y: -0.470531, z: -0, w: 0.88238347}
  m_LocalPosition: {x: -2.85, y: 1.49, z: -6.4}
  m_LocalScale: {x: 0.32133082, y: 0.32133082, z: 0.32133082}
  m_Children: []
  m_Father: {fileID: 8150126141064345434}
  m_RootOrder: 11
  m_LocalEulerAnglesHint: {x: 0, y: -56.138, z: 0}
--- !u!33 &8543796842756651527
MeshFilter:
  m_ObjectHideFlags: 0
  m_CorrespondingSourceObject: {fileID: 0}
  m_PrefabInstance: {fileID: 0}
  m_PrefabAsset: {fileID: 0}
  m_GameObject: {fileID: 8543796842756651524}
  m_Mesh: {fileID: 1529260590574202774, guid: 349ef9b0166853b4880f9899f510d078, type: 3}
--- !u!23 &8543796842756651526
MeshRenderer:
  m_ObjectHideFlags: 0
  m_CorrespondingSourceObject: {fileID: 0}
  m_PrefabInstance: {fileID: 0}
  m_PrefabAsset: {fileID: 0}
  m_GameObject: {fileID: 8543796842756651524}
  m_Enabled: 1
  m_CastShadows: 1
  m_ReceiveShadows: 1
  m_DynamicOccludee: 1
  m_StaticShadowCaster: 0
  m_MotionVectors: 1
  m_LightProbeUsage: 1
  m_ReflectionProbeUsage: 1
  m_RayTracingMode: 2
  m_RayTraceProcedural: 0
  m_RenderingLayerMask: 1
  m_RendererPriority: 0
  m_Materials:
  - {fileID: 2100000, guid: 41546598cedee664ba765868b4198d5c, type: 2}
  m_StaticBatchInfo:
    firstSubMesh: 0
    subMeshCount: 0
  m_StaticBatchRoot: {fileID: 0}
  m_ProbeAnchor: {fileID: 0}
  m_LightProbeVolumeOverride: {fileID: 0}
  m_ScaleInLightmap: 1
  m_ReceiveGI: 1
  m_PreserveUVs: 0
  m_IgnoreNormalsForChartDetection: 0
  m_ImportantGI: 0
  m_StitchLightmapSeams: 1
  m_SelectedEditorRenderState: 3
  m_MinimumChartSize: 4
  m_AutoUVMaxDistance: 0.5
  m_AutoUVMaxAngle: 89
  m_LightmapParameters: {fileID: 0}
  m_SortingLayerID: 0
  m_SortingLayer: 0
  m_SortingOrder: 0
  m_AdditionalVertexStreams: {fileID: 0}
--- !u!1 &8543796843126589837
GameObject:
  m_ObjectHideFlags: 0
  m_CorrespondingSourceObject: {fileID: 0}
  m_PrefabInstance: {fileID: 0}
  m_PrefabAsset: {fileID: 0}
  serializedVersion: 6
  m_Component:
  - component: {fileID: 8543796843126589838}
  - component: {fileID: 8543796843126589824}
  - component: {fileID: 8543796843126589839}
  m_Layer: 0
  m_Name: Grass3 (2)
  m_TagString: Untagged
  m_Icon: {fileID: 0}
  m_NavMeshLayer: 0
  m_StaticEditorFlags: 0
  m_IsActive: 1
--- !u!4 &8543796843126589838
Transform:
  m_ObjectHideFlags: 0
  m_CorrespondingSourceObject: {fileID: 0}
  m_PrefabInstance: {fileID: 0}
  m_PrefabAsset: {fileID: 0}
  m_GameObject: {fileID: 8543796843126589837}
  m_LocalRotation: {x: 0, y: 0, z: 0, w: 1}
  m_LocalPosition: {x: 15.7, y: 7.392, z: 34.61}
  m_LocalScale: {x: 0.2410813, y: 0.2410813, z: 0.2410813}
  m_Children: []
  m_Father: {fileID: 8150126141064345434}
  m_RootOrder: 16
  m_LocalEulerAnglesHint: {x: 0, y: 0, z: 0}
--- !u!33 &8543796843126589824
MeshFilter:
  m_ObjectHideFlags: 0
  m_CorrespondingSourceObject: {fileID: 0}
  m_PrefabInstance: {fileID: 0}
  m_PrefabAsset: {fileID: 0}
  m_GameObject: {fileID: 8543796843126589837}
  m_Mesh: {fileID: 1486484728803586241, guid: 349ef9b0166853b4880f9899f510d078, type: 3}
--- !u!23 &8543796843126589839
MeshRenderer:
  m_ObjectHideFlags: 0
  m_CorrespondingSourceObject: {fileID: 0}
  m_PrefabInstance: {fileID: 0}
  m_PrefabAsset: {fileID: 0}
  m_GameObject: {fileID: 8543796843126589837}
  m_Enabled: 1
  m_CastShadows: 1
  m_ReceiveShadows: 1
  m_DynamicOccludee: 1
  m_StaticShadowCaster: 0
  m_MotionVectors: 1
  m_LightProbeUsage: 1
  m_ReflectionProbeUsage: 1
  m_RayTracingMode: 2
  m_RayTraceProcedural: 0
  m_RenderingLayerMask: 1
  m_RendererPriority: 0
  m_Materials:
  - {fileID: 2100000, guid: 41546598cedee664ba765868b4198d5c, type: 2}
  m_StaticBatchInfo:
    firstSubMesh: 0
    subMeshCount: 0
  m_StaticBatchRoot: {fileID: 0}
  m_ProbeAnchor: {fileID: 0}
  m_LightProbeVolumeOverride: {fileID: 0}
  m_ScaleInLightmap: 1
  m_ReceiveGI: 1
  m_PreserveUVs: 0
  m_IgnoreNormalsForChartDetection: 0
  m_ImportantGI: 0
  m_StitchLightmapSeams: 1
  m_SelectedEditorRenderState: 3
  m_MinimumChartSize: 4
  m_AutoUVMaxDistance: 0.5
  m_AutoUVMaxAngle: 89
  m_LightmapParameters: {fileID: 0}
  m_SortingLayerID: 0
  m_SortingLayer: 0
  m_SortingOrder: 0
  m_AdditionalVertexStreams: {fileID: 0}
--- !u!1 &8543796843136866695
GameObject:
  m_ObjectHideFlags: 0
  m_CorrespondingSourceObject: {fileID: 0}
  m_PrefabInstance: {fileID: 0}
  m_PrefabAsset: {fileID: 0}
  serializedVersion: 6
  m_Component:
  - component: {fileID: 8543796843136866713}
  - component: {fileID: 8543796843136866712}
  m_Layer: 0
  m_Name: Shadow
  m_TagString: Untagged
  m_Icon: {fileID: 0}
  m_NavMeshLayer: 0
  m_StaticEditorFlags: 0
  m_IsActive: 0
--- !u!4 &8543796843136866713
Transform:
  m_ObjectHideFlags: 0
  m_CorrespondingSourceObject: {fileID: 0}
  m_PrefabInstance: {fileID: 0}
  m_PrefabAsset: {fileID: 0}
  m_GameObject: {fileID: 8543796843136866695}
  m_LocalRotation: {x: -0, y: -0, z: -0, w: 1}
  m_LocalPosition: {x: -567.80896, y: -988.67053, z: 276.33633}
  m_LocalScale: {x: 1.5643365, y: 1.5643365, z: 1.5643365}
  m_Children: []
  m_Father: {fileID: 119142630952060440}
  m_RootOrder: 5
  m_LocalEulerAnglesHint: {x: 0, y: 0, z: 0}
--- !u!212 &8543796843136866712
SpriteRenderer:
  m_ObjectHideFlags: 0
  m_CorrespondingSourceObject: {fileID: 0}
  m_PrefabInstance: {fileID: 0}
  m_PrefabAsset: {fileID: 0}
  m_GameObject: {fileID: 8543796843136866695}
  m_Enabled: 1
  m_CastShadows: 0
  m_ReceiveShadows: 0
  m_DynamicOccludee: 1
  m_StaticShadowCaster: 0
  m_MotionVectors: 1
  m_LightProbeUsage: 1
  m_ReflectionProbeUsage: 1
  m_RayTracingMode: 0
  m_RayTraceProcedural: 0
  m_RenderingLayerMask: 1
  m_RendererPriority: 0
  m_Materials:
  - {fileID: 10754, guid: 0000000000000000f000000000000000, type: 0}
  m_StaticBatchInfo:
    firstSubMesh: 0
    subMeshCount: 0
  m_StaticBatchRoot: {fileID: 0}
  m_ProbeAnchor: {fileID: 0}
  m_LightProbeVolumeOverride: {fileID: 0}
  m_ScaleInLightmap: 1
  m_ReceiveGI: 1
  m_PreserveUVs: 0
  m_IgnoreNormalsForChartDetection: 0
  m_ImportantGI: 0
  m_StitchLightmapSeams: 1
  m_SelectedEditorRenderState: 0
  m_MinimumChartSize: 4
  m_AutoUVMaxDistance: 0.5
  m_AutoUVMaxAngle: 89
  m_LightmapParameters: {fileID: 0}
  m_SortingLayerID: 0
  m_SortingLayer: 0
  m_SortingOrder: 0
  m_Sprite: {fileID: 21300000, guid: 338dfed036949ec4a932db4df2480591, type: 3}
  m_Color: {r: 1, g: 1, b: 1, a: 1}
  m_FlipX: 0
  m_FlipY: 0
  m_DrawMode: 0
  m_Size: {x: 5.12, y: 5.12}
  m_AdaptiveModeThreshold: 0.5
  m_SpriteTileMode: 0
  m_WasSpriteAssigned: 1
  m_MaskInteraction: 0
  m_SpriteSortPoint: 0
--- !u!1 &8543796843137528683
GameObject:
  m_ObjectHideFlags: 0
  m_CorrespondingSourceObject: {fileID: 0}
  m_PrefabInstance: {fileID: 0}
  m_PrefabAsset: {fileID: 0}
  serializedVersion: 6
  m_Component:
  - component: {fileID: 8543796843137528684}
  - component: {fileID: 8543796843137528686}
  - component: {fileID: 8543796843137528685}
  m_Layer: 0
  m_Name: Grass3 (1)
  m_TagString: Untagged
  m_Icon: {fileID: 0}
  m_NavMeshLayer: 0
  m_StaticEditorFlags: 0
  m_IsActive: 1
--- !u!4 &8543796843137528684
Transform:
  m_ObjectHideFlags: 0
  m_CorrespondingSourceObject: {fileID: 0}
  m_PrefabInstance: {fileID: 0}
  m_PrefabAsset: {fileID: 0}
  m_GameObject: {fileID: 8543796843137528683}
  m_LocalRotation: {x: -0, y: 0.9364572, z: -0, w: 0.35078183}
  m_LocalPosition: {x: 1.99, y: 6.5, z: 34.61}
  m_LocalScale: {x: 0.22420561, y: 0.22420561, z: 0.22420561}
  m_Children: []
  m_Father: {fileID: 8150126141064345434}
  m_RootOrder: 15
  m_LocalEulerAnglesHint: {x: 0, y: 138.93, z: 0}
--- !u!33 &8543796843137528686
MeshFilter:
  m_ObjectHideFlags: 0
  m_CorrespondingSourceObject: {fileID: 0}
  m_PrefabInstance: {fileID: 0}
  m_PrefabAsset: {fileID: 0}
  m_GameObject: {fileID: 8543796843137528683}
  m_Mesh: {fileID: 1486484728803586241, guid: 349ef9b0166853b4880f9899f510d078, type: 3}
--- !u!23 &8543796843137528685
MeshRenderer:
  m_ObjectHideFlags: 0
  m_CorrespondingSourceObject: {fileID: 0}
  m_PrefabInstance: {fileID: 0}
  m_PrefabAsset: {fileID: 0}
  m_GameObject: {fileID: 8543796843137528683}
  m_Enabled: 1
  m_CastShadows: 1
  m_ReceiveShadows: 1
  m_DynamicOccludee: 1
  m_StaticShadowCaster: 0
  m_MotionVectors: 1
  m_LightProbeUsage: 1
  m_ReflectionProbeUsage: 1
  m_RayTracingMode: 2
  m_RayTraceProcedural: 0
  m_RenderingLayerMask: 1
  m_RendererPriority: 0
  m_Materials:
  - {fileID: 2100000, guid: 41546598cedee664ba765868b4198d5c, type: 2}
  m_StaticBatchInfo:
    firstSubMesh: 0
    subMeshCount: 0
  m_StaticBatchRoot: {fileID: 0}
  m_ProbeAnchor: {fileID: 0}
  m_LightProbeVolumeOverride: {fileID: 0}
  m_ScaleInLightmap: 1
  m_ReceiveGI: 1
  m_PreserveUVs: 0
  m_IgnoreNormalsForChartDetection: 0
  m_ImportantGI: 0
  m_StitchLightmapSeams: 1
  m_SelectedEditorRenderState: 3
  m_MinimumChartSize: 4
  m_AutoUVMaxDistance: 0.5
  m_AutoUVMaxAngle: 89
  m_LightmapParameters: {fileID: 0}
  m_SortingLayerID: 0
  m_SortingLayer: 0
  m_SortingOrder: 0
  m_AdditionalVertexStreams: {fileID: 0}
--- !u!1 &8543796843199560163
GameObject:
  m_ObjectHideFlags: 0
  m_CorrespondingSourceObject: {fileID: 0}
  m_PrefabInstance: {fileID: 0}
  m_PrefabAsset: {fileID: 0}
  serializedVersion: 6
  m_Component:
  - component: {fileID: 8543796843199560164}
  - component: {fileID: 8543796843199560166}
  - component: {fileID: 8543796843199560165}
  m_Layer: 0
  m_Name: flower_plant3 (2)
  m_TagString: Untagged
  m_Icon: {fileID: 0}
  m_NavMeshLayer: 0
  m_StaticEditorFlags: 0
  m_IsActive: 1
--- !u!4 &8543796843199560164
Transform:
  m_ObjectHideFlags: 0
  m_CorrespondingSourceObject: {fileID: 0}
  m_PrefabInstance: {fileID: 0}
  m_PrefabAsset: {fileID: 0}
  m_GameObject: {fileID: 8543796843199560163}
  m_LocalRotation: {x: -0.04492125, y: 0.80667365, z: -0.087301865, w: 0.5827849}
  m_LocalPosition: {x: 4.518, y: 2.905, z: 0.251}
  m_LocalScale: {x: 0.64634746, y: 0.64634746, z: 0.64634746}
  m_Children: []
  m_Father: {fileID: 8150126141064345434}
  m_RootOrder: 20
  m_LocalEulerAnglesHint: {x: 5.077, y: 107.859, z: -10.074}
--- !u!33 &8543796843199560166
MeshFilter:
  m_ObjectHideFlags: 0
  m_CorrespondingSourceObject: {fileID: 0}
  m_PrefabInstance: {fileID: 0}
  m_PrefabAsset: {fileID: 0}
  m_GameObject: {fileID: 8543796843199560163}
  m_Mesh: {fileID: 6510932620921306731, guid: 349ef9b0166853b4880f9899f510d078, type: 3}
--- !u!23 &8543796843199560165
MeshRenderer:
  m_ObjectHideFlags: 0
  m_CorrespondingSourceObject: {fileID: 0}
  m_PrefabInstance: {fileID: 0}
  m_PrefabAsset: {fileID: 0}
  m_GameObject: {fileID: 8543796843199560163}
  m_Enabled: 1
  m_CastShadows: 1
  m_ReceiveShadows: 1
  m_DynamicOccludee: 1
  m_StaticShadowCaster: 0
  m_MotionVectors: 1
  m_LightProbeUsage: 1
  m_ReflectionProbeUsage: 1
  m_RayTracingMode: 2
  m_RayTraceProcedural: 0
  m_RenderingLayerMask: 1
  m_RendererPriority: 0
  m_Materials:
  - {fileID: 2100000, guid: 41546598cedee664ba765868b4198d5c, type: 2}
  m_StaticBatchInfo:
    firstSubMesh: 0
    subMeshCount: 0
  m_StaticBatchRoot: {fileID: 0}
  m_ProbeAnchor: {fileID: 0}
  m_LightProbeVolumeOverride: {fileID: 0}
  m_ScaleInLightmap: 1
  m_ReceiveGI: 1
  m_PreserveUVs: 0
  m_IgnoreNormalsForChartDetection: 0
  m_ImportantGI: 0
  m_StitchLightmapSeams: 1
  m_SelectedEditorRenderState: 3
  m_MinimumChartSize: 4
  m_AutoUVMaxDistance: 0.5
  m_AutoUVMaxAngle: 89
  m_LightmapParameters: {fileID: 0}
  m_SortingLayerID: 0
  m_SortingLayer: 0
  m_SortingOrder: 0
  m_AdditionalVertexStreams: {fileID: 0}
--- !u!1 &8543796843297233426
GameObject:
  m_ObjectHideFlags: 0
  m_CorrespondingSourceObject: {fileID: 0}
  m_PrefabInstance: {fileID: 0}
  m_PrefabAsset: {fileID: 0}
  serializedVersion: 6
  m_Component:
  - component: {fileID: 8543796843297233427}
  - component: {fileID: 8543796843297233429}
  - component: {fileID: 8543796843297233428}
  m_Layer: 0
  m_Name: Grass3 (3)
  m_TagString: Untagged
  m_Icon: {fileID: 0}
  m_NavMeshLayer: 0
  m_StaticEditorFlags: 0
  m_IsActive: 1
--- !u!4 &8543796843297233427
Transform:
  m_ObjectHideFlags: 0
  m_CorrespondingSourceObject: {fileID: 0}
  m_PrefabInstance: {fileID: 0}
  m_PrefabAsset: {fileID: 0}
  m_GameObject: {fileID: 8543796843297233426}
  m_LocalRotation: {x: 0, y: 0, z: 0, w: 1}
  m_LocalPosition: {x: 15.7, y: 9.3, z: 48.8}
  m_LocalScale: {x: 0.2410813, y: 0.2410813, z: 0.2410813}
  m_Children: []
  m_Father: {fileID: 8150126141064345434}
  m_RootOrder: 19
  m_LocalEulerAnglesHint: {x: 0, y: 0, z: 0}
--- !u!33 &8543796843297233429
MeshFilter:
  m_ObjectHideFlags: 0
  m_CorrespondingSourceObject: {fileID: 0}
  m_PrefabInstance: {fileID: 0}
  m_PrefabAsset: {fileID: 0}
  m_GameObject: {fileID: 8543796843297233426}
  m_Mesh: {fileID: 1486484728803586241, guid: 349ef9b0166853b4880f9899f510d078, type: 3}
--- !u!23 &8543796843297233428
MeshRenderer:
  m_ObjectHideFlags: 0
  m_CorrespondingSourceObject: {fileID: 0}
  m_PrefabInstance: {fileID: 0}
  m_PrefabAsset: {fileID: 0}
  m_GameObject: {fileID: 8543796843297233426}
  m_Enabled: 1
  m_CastShadows: 1
  m_ReceiveShadows: 1
  m_DynamicOccludee: 1
  m_StaticShadowCaster: 0
  m_MotionVectors: 1
  m_LightProbeUsage: 1
  m_ReflectionProbeUsage: 1
  m_RayTracingMode: 2
  m_RayTraceProcedural: 0
  m_RenderingLayerMask: 1
  m_RendererPriority: 0
  m_Materials:
  - {fileID: 2100000, guid: 41546598cedee664ba765868b4198d5c, type: 2}
  m_StaticBatchInfo:
    firstSubMesh: 0
    subMeshCount: 0
  m_StaticBatchRoot: {fileID: 0}
  m_ProbeAnchor: {fileID: 0}
  m_LightProbeVolumeOverride: {fileID: 0}
  m_ScaleInLightmap: 1
  m_ReceiveGI: 1
  m_PreserveUVs: 0
  m_IgnoreNormalsForChartDetection: 0
  m_ImportantGI: 0
  m_StitchLightmapSeams: 1
  m_SelectedEditorRenderState: 3
  m_MinimumChartSize: 4
  m_AutoUVMaxDistance: 0.5
  m_AutoUVMaxAngle: 89
  m_LightmapParameters: {fileID: 0}
  m_SortingLayerID: 0
  m_SortingLayer: 0
  m_SortingOrder: 0
  m_AdditionalVertexStreams: {fileID: 0}
--- !u!1 &8543796843398638883
GameObject:
  m_ObjectHideFlags: 0
  m_CorrespondingSourceObject: {fileID: 0}
  m_PrefabInstance: {fileID: 0}
  m_PrefabAsset: {fileID: 0}
  serializedVersion: 6
  m_Component:
  - component: {fileID: 8543796843398638887}
  - component: {fileID: 8543796843398638886}
  - component: {fileID: 8543796843398638885}
  - component: {fileID: 8543796843398638884}
  m_Layer: 0
  m_Name: Cam
  m_TagString: MainCamera
  m_Icon: {fileID: 0}
  m_NavMeshLayer: 0
  m_StaticEditorFlags: 0
  m_IsActive: 1
--- !u!4 &8543796843398638887
Transform:
  m_ObjectHideFlags: 0
  m_CorrespondingSourceObject: {fileID: 0}
  m_PrefabInstance: {fileID: 0}
  m_PrefabAsset: {fileID: 0}
  m_GameObject: {fileID: 8543796843398638883}
  m_LocalRotation: {x: -0, y: -0, z: -0, w: 1}
  m_LocalPosition: {x: -567.80896, y: -985.0405, z: 265.02634}
  m_LocalScale: {x: 1, y: 1, z: 1}
  m_Children: []
  m_Father: {fileID: 119142630952060440}
  m_RootOrder: 0
  m_LocalEulerAnglesHint: {x: 0, y: 0, z: 0}
--- !u!20 &8543796843398638886
Camera:
  m_ObjectHideFlags: 0
  m_CorrespondingSourceObject: {fileID: 0}
  m_PrefabInstance: {fileID: 0}
  m_PrefabAsset: {fileID: 0}
  m_GameObject: {fileID: 8543796843398638883}
  m_Enabled: 1
  serializedVersion: 2
  m_ClearFlags: 2
  m_BackGroundColor: {r: 1, g: 1, b: 1, a: 1}
  m_projectionMatrixMode: 1
  m_GateFitMode: 2
  m_FOVAxisMode: 0
  m_SensorSize: {x: 36, y: 24}
  m_LensShift: {x: 0, y: 0}
  m_FocalLength: 50
  m_NormalizedViewPortRect:
    serializedVersion: 2
    x: 0
    y: 0
    width: 1
    height: 1
  near clip plane: 0.3
  far clip plane: 1000
  field of view: 60
  orthographic: 0
  orthographic size: 10
  m_Depth: -1
  m_CullingMask:
    serializedVersion: 2
    m_Bits: 4294967295
  m_RenderingPath: -1
  m_TargetTexture: {fileID: 0}
  m_TargetDisplay: 0
  m_TargetEye: 3
  m_HDR: 1
  m_AllowMSAA: 1
  m_AllowDynamicResolution: 0
  m_ForceIntoRT: 0
  m_OcclusionCulling: 1
  m_StereoConvergence: 10
  m_StereoSeparation: 0.022
--- !u!81 &8543796843398638885
AudioListener:
  m_ObjectHideFlags: 0
  m_CorrespondingSourceObject: {fileID: 0}
  m_PrefabInstance: {fileID: 0}
  m_PrefabAsset: {fileID: 0}
  m_GameObject: {fileID: 8543796843398638883}
  m_Enabled: 1
--- !u!114 &8543796843398638884
MonoBehaviour:
  m_ObjectHideFlags: 0
  m_CorrespondingSourceObject: {fileID: 0}
  m_PrefabInstance: {fileID: 0}
  m_PrefabAsset: {fileID: 0}
  m_GameObject: {fileID: 8543796843398638883}
  m_Enabled: 1
  m_EditorHideFlags: 0
  m_Script: {fileID: 11500000, guid: a79441f348de89743a2939f4d699eac1, type: 3}
  m_Name: 
  m_EditorClassIdentifier: 
  m_RenderShadows: 1
  m_RequiresDepthTextureOption: 2
  m_RequiresOpaqueTextureOption: 2
  m_CameraType: 0
  m_Cameras: []
  m_RendererIndex: -1
  m_VolumeLayerMask:
    serializedVersion: 2
    m_Bits: 1
  m_VolumeTrigger: {fileID: 0}
  m_RenderPostProcessing: 0
  m_Antialiasing: 0
  m_AntialiasingQuality: 2
  m_StopNaN: 0
  m_Dithering: 0
  m_ClearDepth: 1
  m_AllowXRRendering: 1
  m_RequiresDepthTexture: 0
  m_RequiresColorTexture: 0
  m_Version: 2
--- !u!1 &8543796843423215568
GameObject:
  m_ObjectHideFlags: 0
  m_CorrespondingSourceObject: {fileID: 0}
  m_PrefabInstance: {fileID: 0}
  m_PrefabAsset: {fileID: 0}
  serializedVersion: 6
  m_Component:
  - component: {fileID: 8543796843423215569}
  - component: {fileID: 8543796843423215571}
  - component: {fileID: 8543796843423215570}
  m_Layer: 0
  m_Name: Grass6 (1)
  m_TagString: Untagged
  m_Icon: {fileID: 0}
  m_NavMeshLayer: 0
  m_StaticEditorFlags: 0
  m_IsActive: 1
--- !u!4 &8543796843423215569
Transform:
  m_ObjectHideFlags: 0
  m_CorrespondingSourceObject: {fileID: 0}
  m_PrefabInstance: {fileID: 0}
  m_PrefabAsset: {fileID: 0}
  m_GameObject: {fileID: 8543796843423215568}
  m_LocalRotation: {x: -0, y: 0.6064787, z: -0, w: 0.79509974}
  m_LocalPosition: {x: 0.47, y: 6.8, z: 33.78}
  m_LocalScale: {x: 0.29754278, y: 0.36145496, z: 0.4267656}
  m_Children: []
  m_Father: {fileID: 8150126141064345434}
  m_RootOrder: 14
  m_LocalEulerAnglesHint: {x: 0, y: 74.671, z: 0}
--- !u!33 &8543796843423215571
MeshFilter:
  m_ObjectHideFlags: 0
  m_CorrespondingSourceObject: {fileID: 0}
  m_PrefabInstance: {fileID: 0}
  m_PrefabAsset: {fileID: 0}
  m_GameObject: {fileID: 8543796843423215568}
  m_Mesh: {fileID: 8059148161947889491, guid: 349ef9b0166853b4880f9899f510d078, type: 3}
--- !u!23 &8543796843423215570
MeshRenderer:
  m_ObjectHideFlags: 0
  m_CorrespondingSourceObject: {fileID: 0}
  m_PrefabInstance: {fileID: 0}
  m_PrefabAsset: {fileID: 0}
  m_GameObject: {fileID: 8543796843423215568}
  m_Enabled: 1
  m_CastShadows: 1
  m_ReceiveShadows: 1
  m_DynamicOccludee: 1
  m_StaticShadowCaster: 0
  m_MotionVectors: 1
  m_LightProbeUsage: 1
  m_ReflectionProbeUsage: 1
  m_RayTracingMode: 2
  m_RayTraceProcedural: 0
  m_RenderingLayerMask: 1
  m_RendererPriority: 0
  m_Materials:
  - {fileID: 2100000, guid: 41546598cedee664ba765868b4198d5c, type: 2}
  m_StaticBatchInfo:
    firstSubMesh: 0
    subMeshCount: 0
  m_StaticBatchRoot: {fileID: 0}
  m_ProbeAnchor: {fileID: 0}
  m_LightProbeVolumeOverride: {fileID: 0}
  m_ScaleInLightmap: 1
  m_ReceiveGI: 1
  m_PreserveUVs: 0
  m_IgnoreNormalsForChartDetection: 0
  m_ImportantGI: 0
  m_StitchLightmapSeams: 1
  m_SelectedEditorRenderState: 3
  m_MinimumChartSize: 4
  m_AutoUVMaxDistance: 0.5
  m_AutoUVMaxAngle: 89
  m_LightmapParameters: {fileID: 0}
  m_SortingLayerID: 0
  m_SortingLayer: 0
  m_SortingOrder: 0
  m_AdditionalVertexStreams: {fileID: 0}
--- !u!1 &8543796843913927278
GameObject:
  m_ObjectHideFlags: 0
  m_CorrespondingSourceObject: {fileID: 0}
  m_PrefabInstance: {fileID: 0}
  m_PrefabAsset: {fileID: 0}
  serializedVersion: 6
  m_Component:
  - component: {fileID: 8543796843913927279}
  - component: {fileID: 8543796843913927265}
  - component: {fileID: 8543796843913927264}
  m_Layer: 0
  m_Name: Grass2 (2)
  m_TagString: Untagged
  m_Icon: {fileID: 0}
  m_NavMeshLayer: 0
  m_StaticEditorFlags: 0
  m_IsActive: 1
--- !u!4 &8543796843913927279
Transform:
  m_ObjectHideFlags: 0
  m_CorrespondingSourceObject: {fileID: 0}
  m_PrefabInstance: {fileID: 0}
  m_PrefabAsset: {fileID: 0}
  m_GameObject: {fileID: 8543796843913927278}
  m_LocalRotation: {x: 0.06476674, y: -0.1008014, z: -0.037260342, w: 0.9920968}
  m_LocalPosition: {x: -1.41, y: 2.85, z: 0.58}
  m_LocalScale: {x: 0.20416792, y: 0.20416792, z: 0.20416792}
  m_Children: []
  m_Father: {fileID: 8150126141064345434}
  m_RootOrder: 12
  m_LocalEulerAnglesHint: {x: 6.95, y: -11.909, z: -5.027}
--- !u!33 &8543796843913927265
MeshFilter:
  m_ObjectHideFlags: 0
  m_CorrespondingSourceObject: {fileID: 0}
  m_PrefabInstance: {fileID: 0}
  m_PrefabAsset: {fileID: 0}
  m_GameObject: {fileID: 8543796843913927278}
  m_Mesh: {fileID: 1529260590574202774, guid: 349ef9b0166853b4880f9899f510d078, type: 3}
--- !u!23 &8543796843913927264
MeshRenderer:
  m_ObjectHideFlags: 0
  m_CorrespondingSourceObject: {fileID: 0}
  m_PrefabInstance: {fileID: 0}
  m_PrefabAsset: {fileID: 0}
  m_GameObject: {fileID: 8543796843913927278}
  m_Enabled: 1
  m_CastShadows: 1
  m_ReceiveShadows: 1
  m_DynamicOccludee: 1
  m_StaticShadowCaster: 0
  m_MotionVectors: 1
  m_LightProbeUsage: 1
  m_ReflectionProbeUsage: 1
  m_RayTracingMode: 2
  m_RayTraceProcedural: 0
  m_RenderingLayerMask: 1
  m_RendererPriority: 0
  m_Materials:
  - {fileID: 2100000, guid: 41546598cedee664ba765868b4198d5c, type: 2}
  m_StaticBatchInfo:
    firstSubMesh: 0
    subMeshCount: 0
  m_StaticBatchRoot: {fileID: 0}
  m_ProbeAnchor: {fileID: 0}
  m_LightProbeVolumeOverride: {fileID: 0}
  m_ScaleInLightmap: 1
  m_ReceiveGI: 1
  m_PreserveUVs: 0
  m_IgnoreNormalsForChartDetection: 0
  m_ImportantGI: 0
  m_StitchLightmapSeams: 1
  m_SelectedEditorRenderState: 3
  m_MinimumChartSize: 4
  m_AutoUVMaxDistance: 0.5
  m_AutoUVMaxAngle: 89
  m_LightmapParameters: {fileID: 0}
  m_SortingLayerID: 0
  m_SortingLayer: 0
  m_SortingOrder: 0
  m_AdditionalVertexStreams: {fileID: 0}
--- !u!1 &8543796843926590286
GameObject:
  m_ObjectHideFlags: 0
  m_CorrespondingSourceObject: {fileID: 0}
  m_PrefabInstance: {fileID: 0}
  m_PrefabAsset: {fileID: 0}
  serializedVersion: 6
  m_Component:
  - component: {fileID: 8543796843926590272}
  - component: {fileID: 8543796843926590287}
  m_Layer: 0
  m_Name: cloud 1
  m_TagString: Untagged
  m_Icon: {fileID: 0}
  m_NavMeshLayer: 0
  m_StaticEditorFlags: 0
  m_IsActive: 0
--- !u!4 &8543796843926590272
Transform:
  m_ObjectHideFlags: 0
  m_CorrespondingSourceObject: {fileID: 0}
  m_PrefabInstance: {fileID: 0}
  m_PrefabAsset: {fileID: 0}
  m_GameObject: {fileID: 8543796843926590286}
  m_LocalRotation: {x: -0, y: -0, z: -0.015714698, w: 0.99987656}
  m_LocalPosition: {x: -581.209, y: -973.0405, z: 435.52634}
  m_LocalScale: {x: 16.836002, y: 16.836002, z: 16.836}
  m_Children: []
  m_Father: {fileID: 119142630952060440}
  m_RootOrder: 3
  m_LocalEulerAnglesHint: {x: 0, y: 0, z: -1.801}
--- !u!212 &8543796843926590287
SpriteRenderer:
  m_ObjectHideFlags: 0
  m_CorrespondingSourceObject: {fileID: 0}
  m_PrefabInstance: {fileID: 0}
  m_PrefabAsset: {fileID: 0}
  m_GameObject: {fileID: 8543796843926590286}
  m_Enabled: 1
  m_CastShadows: 0
  m_ReceiveShadows: 0
  m_DynamicOccludee: 1
  m_StaticShadowCaster: 0
  m_MotionVectors: 1
  m_LightProbeUsage: 1
  m_ReflectionProbeUsage: 1
  m_RayTracingMode: 0
  m_RayTraceProcedural: 0
  m_RenderingLayerMask: 1
  m_RendererPriority: 0
  m_Materials:
  - {fileID: 10754, guid: 0000000000000000f000000000000000, type: 0}
  m_StaticBatchInfo:
    firstSubMesh: 0
    subMeshCount: 0
  m_StaticBatchRoot: {fileID: 0}
  m_ProbeAnchor: {fileID: 0}
  m_LightProbeVolumeOverride: {fileID: 0}
  m_ScaleInLightmap: 1
  m_ReceiveGI: 1
  m_PreserveUVs: 0
  m_IgnoreNormalsForChartDetection: 0
  m_ImportantGI: 0
  m_StitchLightmapSeams: 1
  m_SelectedEditorRenderState: 0
  m_MinimumChartSize: 4
  m_AutoUVMaxDistance: 0.5
  m_AutoUVMaxAngle: 89
  m_LightmapParameters: {fileID: 0}
  m_SortingLayerID: 0
  m_SortingLayer: 0
  m_SortingOrder: 0
  m_Sprite: {fileID: 21300000, guid: f10f121c1d881b042926bb9e1ec6c141, type: 3}
  m_Color: {r: 1, g: 1, b: 1, a: 1}
  m_FlipX: 0
  m_FlipY: 0
  m_DrawMode: 0
  m_Size: {x: 5.12, y: 5.12}
  m_AdaptiveModeThreshold: 0.5
  m_SpriteTileMode: 0
  m_WasSpriteAssigned: 1
  m_MaskInteraction: 0
  m_SpriteSortPoint: 0
--- !u!1 &8543796844045443756
GameObject:
  m_ObjectHideFlags: 0
  m_CorrespondingSourceObject: {fileID: 0}
  m_PrefabInstance: {fileID: 0}
  m_PrefabAsset: {fileID: 0}
  serializedVersion: 6
  m_Component:
  - component: {fileID: 8543796844045443757}
  - component: {fileID: 8543796844045443759}
  - component: {fileID: 8543796844045443758}
  m_Layer: 0
  m_Name: tree (1)
  m_TagString: Untagged
  m_Icon: {fileID: 0}
  m_NavMeshLayer: 0
  m_StaticEditorFlags: 0
  m_IsActive: 1
--- !u!4 &8543796844045443757
Transform:
  m_ObjectHideFlags: 0
  m_CorrespondingSourceObject: {fileID: 0}
  m_PrefabInstance: {fileID: 0}
  m_PrefabAsset: {fileID: 0}
  m_GameObject: {fileID: 8543796844045443756}
  m_LocalRotation: {x: 0, y: -0, z: -0, w: 1}
  m_LocalPosition: {x: 25.2, y: 0, z: -9.6}
  m_LocalScale: {x: 1, y: 1, z: 1}
  m_Children: []
  m_Father: {fileID: 8150126141064345434}
  m_RootOrder: 17
  m_LocalEulerAnglesHint: {x: 0, y: 0, z: 0}
--- !u!33 &8543796844045443759
MeshFilter:
  m_ObjectHideFlags: 0
  m_CorrespondingSourceObject: {fileID: 0}
  m_PrefabInstance: {fileID: 0}
  m_PrefabAsset: {fileID: 0}
  m_GameObject: {fileID: 8543796844045443756}
  m_Mesh: {fileID: 4781277628412113339, guid: 349ef9b0166853b4880f9899f510d078, type: 3}
--- !u!23 &8543796844045443758
MeshRenderer:
  m_ObjectHideFlags: 0
  m_CorrespondingSourceObject: {fileID: 0}
  m_PrefabInstance: {fileID: 0}
  m_PrefabAsset: {fileID: 0}
  m_GameObject: {fileID: 8543796844045443756}
  m_Enabled: 1
  m_CastShadows: 1
  m_ReceiveShadows: 1
  m_DynamicOccludee: 1
  m_StaticShadowCaster: 0
  m_MotionVectors: 1
  m_LightProbeUsage: 1
  m_ReflectionProbeUsage: 1
  m_RayTracingMode: 2
  m_RayTraceProcedural: 0
  m_RenderingLayerMask: 1
  m_RendererPriority: 0
  m_Materials:
  - {fileID: 2100000, guid: 41546598cedee664ba765868b4198d5c, type: 2}
  m_StaticBatchInfo:
    firstSubMesh: 0
    subMeshCount: 0
  m_StaticBatchRoot: {fileID: 0}
  m_ProbeAnchor: {fileID: 0}
  m_LightProbeVolumeOverride: {fileID: 0}
  m_ScaleInLightmap: 1
  m_ReceiveGI: 1
  m_PreserveUVs: 0
  m_IgnoreNormalsForChartDetection: 0
  m_ImportantGI: 0
  m_StitchLightmapSeams: 1
  m_SelectedEditorRenderState: 3
  m_MinimumChartSize: 4
  m_AutoUVMaxDistance: 0.5
  m_AutoUVMaxAngle: 89
  m_LightmapParameters: {fileID: 0}
  m_SortingLayerID: 0
  m_SortingLayer: 0
  m_SortingOrder: 0
  m_AdditionalVertexStreams: {fileID: 0}
--- !u!1 &8543796844228086316
GameObject:
  m_ObjectHideFlags: 0
  m_CorrespondingSourceObject: {fileID: 0}
  m_PrefabInstance: {fileID: 0}
  m_PrefabAsset: {fileID: 0}
  serializedVersion: 6
  m_Component:
  - component: {fileID: 8543796844228086317}
  - component: {fileID: 8543796844228086319}
  - component: {fileID: 8543796844228086318}
  m_Layer: 0
  m_Name: Grass2 (3)
  m_TagString: Untagged
  m_Icon: {fileID: 0}
  m_NavMeshLayer: 0
  m_StaticEditorFlags: 0
  m_IsActive: 1
--- !u!4 &8543796844228086317
Transform:
  m_ObjectHideFlags: 0
  m_CorrespondingSourceObject: {fileID: 0}
  m_PrefabInstance: {fileID: 0}
  m_PrefabAsset: {fileID: 0}
  m_GameObject: {fileID: 8543796844228086316}
  m_LocalRotation: {x: 0.029753434, y: -0.9710867, z: -0.087853834, w: 0.21997096}
  m_LocalPosition: {x: -5.46, y: 4.1, z: 12.78}
  m_LocalScale: {x: 0.24801993, y: 0.24801993, z: 0.24801993}
  m_Children: []
  m_Father: {fileID: 8150126141064345434}
  m_RootOrder: 13
  m_LocalEulerAnglesHint: {x: -9.064, y: -154.029, z: -5.604}
--- !u!33 &8543796844228086319
MeshFilter:
  m_ObjectHideFlags: 0
  m_CorrespondingSourceObject: {fileID: 0}
  m_PrefabInstance: {fileID: 0}
  m_PrefabAsset: {fileID: 0}
  m_GameObject: {fileID: 8543796844228086316}
  m_Mesh: {fileID: 1529260590574202774, guid: 349ef9b0166853b4880f9899f510d078, type: 3}
--- !u!23 &8543796844228086318
MeshRenderer:
  m_ObjectHideFlags: 0
  m_CorrespondingSourceObject: {fileID: 0}
  m_PrefabInstance: {fileID: 0}
  m_PrefabAsset: {fileID: 0}
  m_GameObject: {fileID: 8543796844228086316}
  m_Enabled: 1
  m_CastShadows: 1
  m_ReceiveShadows: 1
  m_DynamicOccludee: 1
  m_StaticShadowCaster: 0
  m_MotionVectors: 1
  m_LightProbeUsage: 1
  m_ReflectionProbeUsage: 1
  m_RayTracingMode: 2
  m_RayTraceProcedural: 0
  m_RenderingLayerMask: 1
  m_RendererPriority: 0
  m_Materials:
  - {fileID: 2100000, guid: 41546598cedee664ba765868b4198d5c, type: 2}
  m_StaticBatchInfo:
    firstSubMesh: 0
    subMeshCount: 0
  m_StaticBatchRoot: {fileID: 0}
  m_ProbeAnchor: {fileID: 0}
  m_LightProbeVolumeOverride: {fileID: 0}
  m_ScaleInLightmap: 1
  m_ReceiveGI: 1
  m_PreserveUVs: 0
  m_IgnoreNormalsForChartDetection: 0
  m_ImportantGI: 0
  m_StitchLightmapSeams: 1
  m_SelectedEditorRenderState: 3
  m_MinimumChartSize: 4
  m_AutoUVMaxDistance: 0.5
  m_AutoUVMaxAngle: 89
  m_LightmapParameters: {fileID: 0}
  m_SortingLayerID: 0
  m_SortingLayer: 0
  m_SortingOrder: 0
  m_AdditionalVertexStreams: {fileID: 0}
--- !u!1 &8543796844256050554
GameObject:
  m_ObjectHideFlags: 0
  m_CorrespondingSourceObject: {fileID: 0}
  m_PrefabInstance: {fileID: 0}
  m_PrefabAsset: {fileID: 0}
  serializedVersion: 6
  m_Component:
  - component: {fileID: 8543796844256050556}
  - component: {fileID: 8543796844256050555}
  m_Layer: 0
  m_Name: cloud 2
  m_TagString: Untagged
  m_Icon: {fileID: 0}
  m_NavMeshLayer: 0
  m_StaticEditorFlags: 0
  m_IsActive: 0
--- !u!4 &8543796844256050556
Transform:
  m_ObjectHideFlags: 0
  m_CorrespondingSourceObject: {fileID: 0}
  m_PrefabInstance: {fileID: 0}
  m_PrefabAsset: {fileID: 0}
  m_GameObject: {fileID: 8543796844256050554}
  m_LocalRotation: {x: -0, y: -0, z: -0, w: 1}
  m_LocalPosition: {x: -525.40894, y: -927.0405, z: 473.62634}
  m_LocalScale: {x: 21.820276, y: 21.820276, z: 21.820276}
  m_Children: []
  m_Father: {fileID: 119142630952060440}
  m_RootOrder: 4
  m_LocalEulerAnglesHint: {x: 0, y: 0, z: 0}
--- !u!212 &8543796844256050555
SpriteRenderer:
  m_ObjectHideFlags: 0
  m_CorrespondingSourceObject: {fileID: 0}
  m_PrefabInstance: {fileID: 0}
  m_PrefabAsset: {fileID: 0}
  m_GameObject: {fileID: 8543796844256050554}
  m_Enabled: 1
  m_CastShadows: 0
  m_ReceiveShadows: 0
  m_DynamicOccludee: 1
  m_StaticShadowCaster: 0
  m_MotionVectors: 1
  m_LightProbeUsage: 1
  m_ReflectionProbeUsage: 1
  m_RayTracingMode: 0
  m_RayTraceProcedural: 0
  m_RenderingLayerMask: 1
  m_RendererPriority: 0
  m_Materials:
  - {fileID: 10754, guid: 0000000000000000f000000000000000, type: 0}
  m_StaticBatchInfo:
    firstSubMesh: 0
    subMeshCount: 0
  m_StaticBatchRoot: {fileID: 0}
  m_ProbeAnchor: {fileID: 0}
  m_LightProbeVolumeOverride: {fileID: 0}
  m_ScaleInLightmap: 1
  m_ReceiveGI: 1
  m_PreserveUVs: 0
  m_IgnoreNormalsForChartDetection: 0
  m_ImportantGI: 0
  m_StitchLightmapSeams: 1
  m_SelectedEditorRenderState: 0
  m_MinimumChartSize: 4
  m_AutoUVMaxDistance: 0.5
  m_AutoUVMaxAngle: 89
  m_LightmapParameters: {fileID: 0}
  m_SortingLayerID: 0
  m_SortingLayer: 0
  m_SortingOrder: 0
  m_Sprite: {fileID: 21300000, guid: 115e78e3f71a13443be4b05f0f16f2b0, type: 3}
  m_Color: {r: 1, g: 1, b: 1, a: 1}
  m_FlipX: 0
  m_FlipY: 0
  m_DrawMode: 0
  m_Size: {x: 5.12, y: 5.12}
  m_AdaptiveModeThreshold: 0.5
  m_SpriteTileMode: 0
  m_WasSpriteAssigned: 1
  m_MaskInteraction: 0
  m_SpriteSortPoint: 0
--- !u!1001 &8543796842994508089
PrefabInstance:
  m_ObjectHideFlags: 0
  serializedVersion: 2
  m_Modification:
    m_TransformParent: {fileID: 119142630952060440}
    m_Modifications:
    - target: {fileID: -8679921383154817045, guid: 726fb01f0f159dc4fb7df4be6db82bcf, type: 3}
      propertyPath: m_RootOrder
      value: 1
      objectReference: {fileID: 0}
    - target: {fileID: -8679921383154817045, guid: 726fb01f0f159dc4fb7df4be6db82bcf, type: 3}
      propertyPath: m_LocalPosition.x
      value: -571.70374
      objectReference: {fileID: 0}
    - target: {fileID: -8679921383154817045, guid: 726fb01f0f159dc4fb7df4be6db82bcf, type: 3}
      propertyPath: m_LocalPosition.y
      value: -995.0405
      objectReference: {fileID: 0}
    - target: {fileID: -8679921383154817045, guid: 726fb01f0f159dc4fb7df4be6db82bcf, type: 3}
      propertyPath: m_LocalPosition.z
      value: 285.675
      objectReference: {fileID: 0}
    - target: {fileID: -8679921383154817045, guid: 726fb01f0f159dc4fb7df4be6db82bcf, type: 3}
      propertyPath: m_LocalRotation.w
      value: 0
      objectReference: {fileID: 0}
    - target: {fileID: -8679921383154817045, guid: 726fb01f0f159dc4fb7df4be6db82bcf, type: 3}
      propertyPath: m_LocalRotation.x
      value: -0
      objectReference: {fileID: 0}
    - target: {fileID: -8679921383154817045, guid: 726fb01f0f159dc4fb7df4be6db82bcf, type: 3}
      propertyPath: m_LocalRotation.y
      value: -1
      objectReference: {fileID: 0}
    - target: {fileID: -8679921383154817045, guid: 726fb01f0f159dc4fb7df4be6db82bcf, type: 3}
      propertyPath: m_LocalRotation.z
      value: -0
      objectReference: {fileID: 0}
    - target: {fileID: -8679921383154817045, guid: 726fb01f0f159dc4fb7df4be6db82bcf, type: 3}
      propertyPath: m_LocalEulerAnglesHint.x
      value: 0
      objectReference: {fileID: 0}
    - target: {fileID: -8679921383154817045, guid: 726fb01f0f159dc4fb7df4be6db82bcf, type: 3}
      propertyPath: m_LocalEulerAnglesHint.y
      value: -180
      objectReference: {fileID: 0}
    - target: {fileID: -8679921383154817045, guid: 726fb01f0f159dc4fb7df4be6db82bcf, type: 3}
      propertyPath: m_LocalEulerAnglesHint.z
      value: 0
      objectReference: {fileID: 0}
    - target: {fileID: 919132149155446097, guid: 726fb01f0f159dc4fb7df4be6db82bcf, type: 3}
      propertyPath: m_Name
      value: Ground
      objectReference: {fileID: 0}
    - target: {fileID: 919132149155446097, guid: 726fb01f0f159dc4fb7df4be6db82bcf, type: 3}
      propertyPath: m_IsActive
      value: 0
      objectReference: {fileID: 0}
    m_RemovedComponents: []
  m_SourcePrefab: {fileID: 100100000, guid: 726fb01f0f159dc4fb7df4be6db82bcf, type: 3}
--- !u!4 &8150126141143238354 stripped
Transform:
  m_CorrespondingSourceObject: {fileID: -8679921383154817045, guid: 726fb01f0f159dc4fb7df4be6db82bcf, type: 3}
  m_PrefabInstance: {fileID: 8543796842994508089}
  m_PrefabAsset: {fileID: 0}
--- !u!1001 &8543796843039854769
PrefabInstance:
  m_ObjectHideFlags: 0
  serializedVersion: 2
  m_Modification:
    m_TransformParent: {fileID: 119142630952060440}
    m_Modifications:
    - target: {fileID: -8679921383154817045, guid: 349ef9b0166853b4880f9899f510d078, type: 3}
      propertyPath: m_RootOrder
      value: 2
      objectReference: {fileID: 0}
    - target: {fileID: -8679921383154817045, guid: 349ef9b0166853b4880f9899f510d078, type: 3}
      propertyPath: m_LocalPosition.x
      value: -567.80896
      objectReference: {fileID: 0}
    - target: {fileID: -8679921383154817045, guid: 349ef9b0166853b4880f9899f510d078, type: 3}
      propertyPath: m_LocalPosition.y
      value: -995.0405
      objectReference: {fileID: 0}
    - target: {fileID: -8679921383154817045, guid: 349ef9b0166853b4880f9899f510d078, type: 3}
      propertyPath: m_LocalPosition.z
      value: 285.02634
      objectReference: {fileID: 0}
    - target: {fileID: -8679921383154817045, guid: 349ef9b0166853b4880f9899f510d078, type: 3}
      propertyPath: m_LocalRotation.w
      value: 1
      objectReference: {fileID: 0}
    - target: {fileID: -8679921383154817045, guid: 349ef9b0166853b4880f9899f510d078, type: 3}
      propertyPath: m_LocalRotation.x
      value: -0
      objectReference: {fileID: 0}
    - target: {fileID: -8679921383154817045, guid: 349ef9b0166853b4880f9899f510d078, type: 3}
      propertyPath: m_LocalRotation.y
      value: -0
      objectReference: {fileID: 0}
    - target: {fileID: -8679921383154817045, guid: 349ef9b0166853b4880f9899f510d078, type: 3}
      propertyPath: m_LocalRotation.z
      value: -0
      objectReference: {fileID: 0}
    - target: {fileID: -8679921383154817045, guid: 349ef9b0166853b4880f9899f510d078, type: 3}
      propertyPath: m_LocalEulerAnglesHint.x
      value: 0
      objectReference: {fileID: 0}
    - target: {fileID: -8679921383154817045, guid: 349ef9b0166853b4880f9899f510d078, type: 3}
      propertyPath: m_LocalEulerAnglesHint.y
      value: 0
      objectReference: {fileID: 0}
    - target: {fileID: -8679921383154817045, guid: 349ef9b0166853b4880f9899f510d078, type: 3}
      propertyPath: m_LocalEulerAnglesHint.z
      value: 0
      objectReference: {fileID: 0}
    - target: {fileID: -6747759519818414918, guid: 349ef9b0166853b4880f9899f510d078, type: 3}
      propertyPath: m_LocalPosition.x
      value: 49.5
      objectReference: {fileID: 0}
    - target: {fileID: -6747759519818414918, guid: 349ef9b0166853b4880f9899f510d078, type: 3}
      propertyPath: m_LocalPosition.z
      value: 138.7
      objectReference: {fileID: 0}
    - target: {fileID: -6747759519818414918, guid: 349ef9b0166853b4880f9899f510d078, type: 3}
      propertyPath: m_LocalRotation.w
      value: 0.029407779
      objectReference: {fileID: 0}
    - target: {fileID: -6747759519818414918, guid: 349ef9b0166853b4880f9899f510d078, type: 3}
      propertyPath: m_LocalRotation.x
      value: -0
      objectReference: {fileID: 0}
    - target: {fileID: -6747759519818414918, guid: 349ef9b0166853b4880f9899f510d078, type: 3}
      propertyPath: m_LocalRotation.y
      value: -0.99956757
      objectReference: {fileID: 0}
    - target: {fileID: -6747759519818414918, guid: 349ef9b0166853b4880f9899f510d078, type: 3}
      propertyPath: m_LocalEulerAnglesHint.y
      value: 543.37
      objectReference: {fileID: 0}
    - target: {fileID: -6683639691386585394, guid: 349ef9b0166853b4880f9899f510d078, type: 3}
      propertyPath: m_LocalScale.x
      value: 0.40252
      objectReference: {fileID: 0}
    - target: {fileID: -6683639691386585394, guid: 349ef9b0166853b4880f9899f510d078, type: 3}
      propertyPath: m_LocalScale.y
      value: 0.40252
      objectReference: {fileID: 0}
    - target: {fileID: -6683639691386585394, guid: 349ef9b0166853b4880f9899f510d078, type: 3}
      propertyPath: m_LocalScale.z
      value: 0.40252
      objectReference: {fileID: 0}
    - target: {fileID: -6683639691386585394, guid: 349ef9b0166853b4880f9899f510d078, type: 3}
      propertyPath: m_LocalPosition.x
      value: 6.13
      objectReference: {fileID: 0}
    - target: {fileID: -6683639691386585394, guid: 349ef9b0166853b4880f9899f510d078, type: 3}
      propertyPath: m_LocalPosition.y
      value: 4.85
      objectReference: {fileID: 0}
    - target: {fileID: -6683639691386585394, guid: 349ef9b0166853b4880f9899f510d078, type: 3}
      propertyPath: m_LocalPosition.z
      value: 15.77
      objectReference: {fileID: 0}
    - target: {fileID: -5499711075801768318, guid: 349ef9b0166853b4880f9899f510d078, type: 3}
      propertyPath: m_LocalScale.x
      value: 0.2938396
      objectReference: {fileID: 0}
    - target: {fileID: -5499711075801768318, guid: 349ef9b0166853b4880f9899f510d078, type: 3}
      propertyPath: m_LocalScale.y
      value: 0.2938396
      objectReference: {fileID: 0}
    - target: {fileID: -5499711075801768318, guid: 349ef9b0166853b4880f9899f510d078, type: 3}
      propertyPath: m_LocalScale.z
      value: 0.2938396
      objectReference: {fileID: 0}
    - target: {fileID: -5499711075801768318, guid: 349ef9b0166853b4880f9899f510d078, type: 3}
      propertyPath: m_LocalPosition.x
      value: -2.12
      objectReference: {fileID: 0}
    - target: {fileID: -5499711075801768318, guid: 349ef9b0166853b4880f9899f510d078, type: 3}
      propertyPath: m_LocalPosition.y
      value: 1.55
      objectReference: {fileID: 0}
    - target: {fileID: -5499711075801768318, guid: 349ef9b0166853b4880f9899f510d078, type: 3}
      propertyPath: m_LocalPosition.z
      value: -6.82
      objectReference: {fileID: 0}
    - target: {fileID: -5499711075801768318, guid: 349ef9b0166853b4880f9899f510d078, type: 3}
      propertyPath: m_LocalRotation.w
      value: 0.9717238
      objectReference: {fileID: 0}
    - target: {fileID: -5499711075801768318, guid: 349ef9b0166853b4880f9899f510d078, type: 3}
      propertyPath: m_LocalRotation.x
      value: -0.023145653
      objectReference: {fileID: 0}
    - target: {fileID: -5499711075801768318, guid: 349ef9b0166853b4880f9899f510d078, type: 3}
      propertyPath: m_LocalRotation.y
      value: 0.10768799
      objectReference: {fileID: 0}
    - target: {fileID: -5499711075801768318, guid: 349ef9b0166853b4880f9899f510d078, type: 3}
      propertyPath: m_LocalRotation.z
      value: -0.20885503
      objectReference: {fileID: 0}
    - target: {fileID: -5499711075801768318, guid: 349ef9b0166853b4880f9899f510d078, type: 3}
      propertyPath: m_LocalEulerAnglesHint.y
      value: 12.648
      objectReference: {fileID: 0}
    - target: {fileID: -5499711075801768318, guid: 349ef9b0166853b4880f9899f510d078, type: 3}
      propertyPath: m_LocalEulerAnglesHint.z
      value: -24.26
      objectReference: {fileID: 0}
    - target: {fileID: -1515934993800248208, guid: 349ef9b0166853b4880f9899f510d078, type: 3}
      propertyPath: m_LocalScale.x
      value: 0.29754278
      objectReference: {fileID: 0}
    - target: {fileID: -1515934993800248208, guid: 349ef9b0166853b4880f9899f510d078, type: 3}
      propertyPath: m_LocalScale.y
      value: 0.29754278
      objectReference: {fileID: 0}
    - target: {fileID: -1515934993800248208, guid: 349ef9b0166853b4880f9899f510d078, type: 3}
      propertyPath: m_LocalScale.z
      value: 0.29754278
      objectReference: {fileID: 0}
    - target: {fileID: -1515934993800248208, guid: 349ef9b0166853b4880f9899f510d078, type: 3}
      propertyPath: m_LocalPosition.x
      value: 0.47
      objectReference: {fileID: 0}
    - target: {fileID: -1515934993800248208, guid: 349ef9b0166853b4880f9899f510d078, type: 3}
      propertyPath: m_LocalPosition.y
      value: 1.975
      objectReference: {fileID: 0}
    - target: {fileID: -1515934993800248208, guid: 349ef9b0166853b4880f9899f510d078, type: 3}
      propertyPath: m_LocalPosition.z
      value: -6.83
      objectReference: {fileID: 0}
    - target: {fileID: -1515934993800248208, guid: 349ef9b0166853b4880f9899f510d078, type: 3}
      propertyPath: m_LocalRotation.w
      value: 0.64932805
      objectReference: {fileID: 0}
    - target: {fileID: -1515934993800248208, guid: 349ef9b0166853b4880f9899f510d078, type: 3}
      propertyPath: m_LocalRotation.x
      value: -0.093041025
      objectReference: {fileID: 0}
    - target: {fileID: -1515934993800248208, guid: 349ef9b0166853b4880f9899f510d078, type: 3}
      propertyPath: m_LocalRotation.y
      value: 0.7471645
      objectReference: {fileID: 0}
    - target: {fileID: -1515934993800248208, guid: 349ef9b0166853b4880f9899f510d078, type: 3}
      propertyPath: m_LocalRotation.z
      value: 0.10705984
      objectReference: {fileID: 0}
    - target: {fileID: -1515934993800248208, guid: 349ef9b0166853b4880f9899f510d078, type: 3}
      propertyPath: m_LocalEulerAnglesHint.x
      value: -16.309
      objectReference: {fileID: 0}
    - target: {fileID: -1515934993800248208, guid: 349ef9b0166853b4880f9899f510d078, type: 3}
      propertyPath: m_LocalEulerAnglesHint.y
      value: 98.015
      objectReference: {fileID: 0}
    - target: {fileID: -1272113944282155157, guid: 349ef9b0166853b4880f9899f510d078, type: 3}
      propertyPath: m_LocalScale.x
      value: 0.79602
      objectReference: {fileID: 0}
    - target: {fileID: -1272113944282155157, guid: 349ef9b0166853b4880f9899f510d078, type: 3}
      propertyPath: m_LocalScale.y
      value: 0.79602
      objectReference: {fileID: 0}
    - target: {fileID: -1272113944282155157, guid: 349ef9b0166853b4880f9899f510d078, type: 3}
      propertyPath: m_LocalScale.z
      value: 0.79602
      objectReference: {fileID: 0}
    - target: {fileID: -1272113944282155157, guid: 349ef9b0166853b4880f9899f510d078, type: 3}
      propertyPath: m_LocalPosition.x
      value: -2.65
      objectReference: {fileID: 0}
    - target: {fileID: -1272113944282155157, guid: 349ef9b0166853b4880f9899f510d078, type: 3}
      propertyPath: m_LocalPosition.y
      value: 2.1
      objectReference: {fileID: 0}
    - target: {fileID: -1272113944282155157, guid: 349ef9b0166853b4880f9899f510d078, type: 3}
      propertyPath: m_LocalPosition.z
      value: -5.38
      objectReference: {fileID: 0}
    - target: {fileID: -1272113944282155157, guid: 349ef9b0166853b4880f9899f510d078, type: 3}
      propertyPath: m_LocalRotation.w
      value: 0.13238935
      objectReference: {fileID: 0}
    - target: {fileID: -1272113944282155157, guid: 349ef9b0166853b4880f9899f510d078, type: 3}
      propertyPath: m_LocalRotation.x
      value: 0.102865994
      objectReference: {fileID: 0}
    - target: {fileID: -1272113944282155157, guid: 349ef9b0166853b4880f9899f510d078, type: 3}
      propertyPath: m_LocalRotation.y
      value: 0.9838622
      objectReference: {fileID: 0}
    - target: {fileID: -1272113944282155157, guid: 349ef9b0166853b4880f9899f510d078, type: 3}
      propertyPath: m_LocalRotation.z
      value: 0.06250514
      objectReference: {fileID: 0}
    - target: {fileID: -1272113944282155157, guid: 349ef9b0166853b4880f9899f510d078, type: 3}
      propertyPath: m_LocalEulerAnglesHint.x
      value: -5.495
      objectReference: {fileID: 0}
    - target: {fileID: -1272113944282155157, guid: 349ef9b0166853b4880f9899f510d078, type: 3}
      propertyPath: m_LocalEulerAnglesHint.y
      value: 164.06
      objectReference: {fileID: 0}
    - target: {fileID: -1272113944282155157, guid: 349ef9b0166853b4880f9899f510d078, type: 3}
      propertyPath: m_LocalEulerAnglesHint.z
      value: 12.707
      objectReference: {fileID: 0}
    - target: {fileID: -1116117991263843631, guid: 349ef9b0166853b4880f9899f510d078, type: 3}
      propertyPath: m_IsActive
      value: 0
      objectReference: {fileID: 0}
    - target: {fileID: -806772886557399430, guid: 349ef9b0166853b4880f9899f510d078, type: 3}
      propertyPath: m_LocalScale.x
      value: 0.40252
      objectReference: {fileID: 0}
    - target: {fileID: -806772886557399430, guid: 349ef9b0166853b4880f9899f510d078, type: 3}
      propertyPath: m_LocalScale.y
      value: 0.40252
      objectReference: {fileID: 0}
    - target: {fileID: -806772886557399430, guid: 349ef9b0166853b4880f9899f510d078, type: 3}
      propertyPath: m_LocalScale.z
      value: 0.40252
      objectReference: {fileID: 0}
    - target: {fileID: -806772886557399430, guid: 349ef9b0166853b4880f9899f510d078, type: 3}
      propertyPath: m_LocalPosition.x
      value: 7.72
      objectReference: {fileID: 0}
    - target: {fileID: -806772886557399430, guid: 349ef9b0166853b4880f9899f510d078, type: 3}
      propertyPath: m_LocalPosition.y
      value: 5.06
      objectReference: {fileID: 0}
    - target: {fileID: -806772886557399430, guid: 349ef9b0166853b4880f9899f510d078, type: 3}
      propertyPath: m_LocalPosition.z
      value: 17.34
      objectReference: {fileID: 0}
    - target: {fileID: 919132149155446097, guid: 349ef9b0166853b4880f9899f510d078, type: 3}
      propertyPath: m_Name
      value: Plant
      objectReference: {fileID: 0}
    - target: {fileID: 919132149155446097, guid: 349ef9b0166853b4880f9899f510d078, type: 3}
      propertyPath: m_IsActive
      value: 0
      objectReference: {fileID: 0}
    - target: {fileID: 3533877803793027858, guid: 349ef9b0166853b4880f9899f510d078, type: 3}
      propertyPath: m_LocalScale.x
      value: 0.40252
      objectReference: {fileID: 0}
    - target: {fileID: 3533877803793027858, guid: 349ef9b0166853b4880f9899f510d078, type: 3}
      propertyPath: m_LocalScale.y
      value: 0.40252
      objectReference: {fileID: 0}
    - target: {fileID: 3533877803793027858, guid: 349ef9b0166853b4880f9899f510d078, type: 3}
      propertyPath: m_LocalScale.z
      value: 0.40252
      objectReference: {fileID: 0}
    - target: {fileID: 3533877803793027858, guid: 349ef9b0166853b4880f9899f510d078, type: 3}
      propertyPath: m_LocalPosition.x
      value: 3.86
      objectReference: {fileID: 0}
    - target: {fileID: 3533877803793027858, guid: 349ef9b0166853b4880f9899f510d078, type: 3}
      propertyPath: m_LocalPosition.y
      value: 1.94
      objectReference: {fileID: 0}
    - target: {fileID: 3533877803793027858, guid: 349ef9b0166853b4880f9899f510d078, type: 3}
      propertyPath: m_LocalPosition.z
      value: -6.33
      objectReference: {fileID: 0}
    - target: {fileID: 3533877803793027858, guid: 349ef9b0166853b4880f9899f510d078, type: 3}
      propertyPath: m_LocalRotation.w
      value: 0.7071074
      objectReference: {fileID: 0}
    - target: {fileID: 3533877803793027858, guid: 349ef9b0166853b4880f9899f510d078, type: 3}
      propertyPath: m_LocalRotation.x
      value: -0
      objectReference: {fileID: 0}
    - target: {fileID: 3533877803793027858, guid: 349ef9b0166853b4880f9899f510d078, type: 3}
      propertyPath: m_LocalRotation.y
      value: 0.70710623
      objectReference: {fileID: 0}
    - target: {fileID: 3533877803793027858, guid: 349ef9b0166853b4880f9899f510d078, type: 3}
      propertyPath: m_LocalEulerAnglesHint.y
      value: 90
      objectReference: {fileID: 0}
    - target: {fileID: 4376336541972920704, guid: 349ef9b0166853b4880f9899f510d078, type: 3}
      propertyPath: m_LocalScale.x
      value: 0.40252
      objectReference: {fileID: 0}
    - target: {fileID: 4376336541972920704, guid: 349ef9b0166853b4880f9899f510d078, type: 3}
      propertyPath: m_LocalScale.y
      value: 0.40252
      objectReference: {fileID: 0}
    - target: {fileID: 4376336541972920704, guid: 349ef9b0166853b4880f9899f510d078, type: 3}
      propertyPath: m_LocalScale.z
      value: 0.40252
      objectReference: {fileID: 0}
    - target: {fileID: 4376336541972920704, guid: 349ef9b0166853b4880f9899f510d078, type: 3}
      propertyPath: m_LocalPosition.x
      value: 5.238
      objectReference: {fileID: 0}
    - target: {fileID: 4376336541972920704, guid: 349ef9b0166853b4880f9899f510d078, type: 3}
      propertyPath: m_LocalPosition.y
      value: 4.11
      objectReference: {fileID: 0}
    - target: {fileID: 4376336541972920704, guid: 349ef9b0166853b4880f9899f510d078, type: 3}
      propertyPath: m_LocalPosition.z
      value: 0.523
      objectReference: {fileID: 0}
    - target: {fileID: 4685309874637094386, guid: 349ef9b0166853b4880f9899f510d078, type: 3}
      propertyPath: m_LocalScale.x
      value: 0.51792246
      objectReference: {fileID: 0}
    - target: {fileID: 4685309874637094386, guid: 349ef9b0166853b4880f9899f510d078, type: 3}
      propertyPath: m_LocalScale.y
      value: 0.51792246
      objectReference: {fileID: 0}
    - target: {fileID: 4685309874637094386, guid: 349ef9b0166853b4880f9899f510d078, type: 3}
      propertyPath: m_LocalScale.z
      value: 0.51792246
      objectReference: {fileID: 0}
    - target: {fileID: 4685309874637094386, guid: 349ef9b0166853b4880f9899f510d078, type: 3}
      propertyPath: m_LocalPosition.x
      value: -4.3
      objectReference: {fileID: 0}
    - target: {fileID: 4685309874637094386, guid: 349ef9b0166853b4880f9899f510d078, type: 3}
      propertyPath: m_LocalPosition.y
      value: 2.06
      objectReference: {fileID: 0}
    - target: {fileID: 4685309874637094386, guid: 349ef9b0166853b4880f9899f510d078, type: 3}
      propertyPath: m_LocalPosition.z
      value: -6.32
      objectReference: {fileID: 0}
    - target: {fileID: 4685309874637094386, guid: 349ef9b0166853b4880f9899f510d078, type: 3}
      propertyPath: m_LocalRotation.w
      value: 0.6721036
      objectReference: {fileID: 0}
    - target: {fileID: 4685309874637094386, guid: 349ef9b0166853b4880f9899f510d078, type: 3}
      propertyPath: m_LocalRotation.x
      value: -0.06332286
      objectReference: {fileID: 0}
    - target: {fileID: 4685309874637094386, guid: 349ef9b0166853b4880f9899f510d078, type: 3}
      propertyPath: m_LocalRotation.y
      value: -0.7354716
      objectReference: {fileID: 0}
    - target: {fileID: 4685309874637094386, guid: 349ef9b0166853b4880f9899f510d078, type: 3}
      propertyPath: m_LocalRotation.z
      value: -0.05786699
      objectReference: {fileID: 0}
    - target: {fileID: 4685309874637094386, guid: 349ef9b0166853b4880f9899f510d078, type: 3}
      propertyPath: m_LocalEulerAnglesHint.x
      value: -9.802
      objectReference: {fileID: 0}
    - target: {fileID: 4685309874637094386, guid: 349ef9b0166853b4880f9899f510d078, type: 3}
      propertyPath: m_LocalEulerAnglesHint.y
      value: -95.232
      objectReference: {fileID: 0}
    - target: {fileID: 4685309874637094386, guid: 349ef9b0166853b4880f9899f510d078, type: 3}
      propertyPath: m_LocalEulerAnglesHint.z
      value: 0.893
      objectReference: {fileID: 0}
    - target: {fileID: 6860368803469426676, guid: 349ef9b0166853b4880f9899f510d078, type: 3}
      propertyPath: m_LocalScale.x
      value: 0.39731944
      objectReference: {fileID: 0}
    - target: {fileID: 6860368803469426676, guid: 349ef9b0166853b4880f9899f510d078, type: 3}
      propertyPath: m_LocalScale.y
      value: 0.39731944
      objectReference: {fileID: 0}
    - target: {fileID: 6860368803469426676, guid: 349ef9b0166853b4880f9899f510d078, type: 3}
      propertyPath: m_LocalScale.z
      value: 0.39731944
      objectReference: {fileID: 0}
    - target: {fileID: 6860368803469426676, guid: 349ef9b0166853b4880f9899f510d078, type: 3}
      propertyPath: m_LocalPosition.x
      value: 2.01
      objectReference: {fileID: 0}
    - target: {fileID: 6860368803469426676, guid: 349ef9b0166853b4880f9899f510d078, type: 3}
      propertyPath: m_LocalPosition.y
      value: 1.48
      objectReference: {fileID: 0}
    - target: {fileID: 6860368803469426676, guid: 349ef9b0166853b4880f9899f510d078, type: 3}
      propertyPath: m_LocalPosition.z
      value: -6.81
      objectReference: {fileID: 0}
    - target: {fileID: 6860368803469426676, guid: 349ef9b0166853b4880f9899f510d078, type: 3}
      propertyPath: m_LocalRotation.w
      value: 0.85951805
      objectReference: {fileID: 0}
    - target: {fileID: 6860368803469426676, guid: 349ef9b0166853b4880f9899f510d078, type: 3}
      propertyPath: m_LocalRotation.x
      value: 0.09518649
      objectReference: {fileID: 0}
    - target: {fileID: 6860368803469426676, guid: 349ef9b0166853b4880f9899f510d078, type: 3}
      propertyPath: m_LocalRotation.y
      value: -0.4991124
      objectReference: {fileID: 0}
    - target: {fileID: 6860368803469426676, guid: 349ef9b0166853b4880f9899f510d078, type: 3}
      propertyPath: m_LocalRotation.z
      value: 0.05527371
      objectReference: {fileID: 0}
    - target: {fileID: 6860368803469426676, guid: 349ef9b0166853b4880f9899f510d078, type: 3}
      propertyPath: m_LocalEulerAnglesHint.x
      value: 12.639
      objectReference: {fileID: 0}
    - target: {fileID: 6860368803469426676, guid: 349ef9b0166853b4880f9899f510d078, type: 3}
      propertyPath: m_LocalEulerAnglesHint.y
      value: -60.286
      objectReference: {fileID: 0}
    - target: {fileID: 8248539983345076451, guid: 349ef9b0166853b4880f9899f510d078, type: 3}
      propertyPath: m_LocalScale.x
      value: 0.40252
      objectReference: {fileID: 0}
    - target: {fileID: 8248539983345076451, guid: 349ef9b0166853b4880f9899f510d078, type: 3}
      propertyPath: m_LocalScale.y
      value: 0.40252
      objectReference: {fileID: 0}
    - target: {fileID: 8248539983345076451, guid: 349ef9b0166853b4880f9899f510d078, type: 3}
      propertyPath: m_LocalScale.z
      value: 0.40252
      objectReference: {fileID: 0}
    - target: {fileID: 8248539983345076451, guid: 349ef9b0166853b4880f9899f510d078, type: 3}
      propertyPath: m_LocalPosition.x
      value: 1.094
      objectReference: {fileID: 0}
    - target: {fileID: 8248539983345076451, guid: 349ef9b0166853b4880f9899f510d078, type: 3}
      propertyPath: m_LocalPosition.y
      value: 3.067
      objectReference: {fileID: 0}
    - target: {fileID: 8248539983345076451, guid: 349ef9b0166853b4880f9899f510d078, type: 3}
      propertyPath: m_LocalPosition.z
      value: 1.516
      objectReference: {fileID: 0}
    - target: {fileID: 8248539983345076451, guid: 349ef9b0166853b4880f9899f510d078, type: 3}
      propertyPath: m_LocalRotation.w
      value: 0.98767513
      objectReference: {fileID: 0}
    - target: {fileID: 8248539983345076451, guid: 349ef9b0166853b4880f9899f510d078, type: 3}
      propertyPath: m_LocalRotation.x
      value: -0.13449316
      objectReference: {fileID: 0}
    - target: {fileID: 8248539983345076451, guid: 349ef9b0166853b4880f9899f510d078, type: 3}
      propertyPath: m_LocalRotation.y
      value: 0.010802212
      objectReference: {fileID: 0}
    - target: {fileID: 8248539983345076451, guid: 349ef9b0166853b4880f9899f510d078, type: 3}
      propertyPath: m_LocalRotation.z
      value: 0.07932802
      objectReference: {fileID: 0}
    - target: {fileID: 8248539983345076451, guid: 349ef9b0166853b4880f9899f510d078, type: 3}
      propertyPath: m_LocalEulerAnglesHint.x
      value: -15.509
      objectReference: {fileID: 0}
    - target: {fileID: 8248539983345076451, guid: 349ef9b0166853b4880f9899f510d078, type: 3}
      propertyPath: m_LocalEulerAnglesHint.z
      value: 9.184
      objectReference: {fileID: 0}
    m_RemovedComponents: []
  m_SourcePrefab: {fileID: 100100000, guid: 349ef9b0166853b4880f9899f510d078, type: 3}
--- !u!4 &8150126141064345434 stripped
Transform:
  m_CorrespondingSourceObject: {fileID: -8679921383154817045, guid: 349ef9b0166853b4880f9899f510d078, type: 3}
  m_PrefabInstance: {fileID: 8543796843039854769}
  m_PrefabAsset: {fileID: 0}
